@inbook{id:IntroductionToRecommenderSystemsHandbook,
	author    	= {Francesco Ricci, Lior Rokach, Bracha Shapira},
	chapter		= {{I}ntroduction to {R}ecommender {S}ystems
	{H}andbook}
	booktitle   = {{R}ecommender {S}ystems {H}andbook},
	year     	= {2010},
	publisher 	= {Springer},
	address   	= {New York Dordrecht Heidelberg London},
	pages		= {1-35}
}

@inbook{id:ContentBasedRecommenderSystemsState,
	author    	= {Pasquale Lops, Marco de Gemmis and Giovanni Semeraro},
	chapter		= {{C}ontent-based {R}ecommender {S}ystems: {S}tate of
	the {A}rt and {T}rends}
	booktitle   = {{R}ecommender {S}ystems {H}andbook},
	year     	= {2010},
	publisher 	= {Springer},
	address   	= {New York Dordrecht Heidelberg London},
	pages		= {73-100}
}

@inbook{id:ComprehensiveSurveyOfNeighborhoodBasedRecommendationMethods,
	author    	= {Christian Desrosiers, George Karypis},
	chapter		= {{A} {C}omprehensive {S}urvey of {N}eighborhood-based
	{R}ecommendation {M}ethods}
	booktitle   = {{R}ecommender {S}ystems {H}andbook},
	year     	= {2010},
	publisher 	= {Springer},
	address   	= {New York Dordrecht Heidelberg London},
	pages		= {107-144}
}

@inbook{id:AdvancesInCollaborativeFiltering,
	author    	= {Yehuda Koren, Robert Bell},
	chapter		= {{A}dvances in {C}ollaborative {F}iltering}
	booktitle   = {{R}ecommender {S}ystems {H}andbook},
	year     	= {2010},
	publisher 	= {Springer},
	address   	= {New York Dordrecht Heidelberg London},
	pages		= {145-186}
}

@inbook{id:CollaborativeFilteringRecommenderSystems,
	author		= {J.B. Schafer, D. Frankowski, J. Herlocker, S.Sen},
	chapter     = {{C}ollaborative filtering recommender systems},
	booktitle	= {{T}he {A}daptive {W}eb},
	pages		= {291–324}
	year      	= {2007},
	publisher	= {Springer Berlin / Heidelberg}
}

@incollection{id:RubensRecSysHB2010,
	author = {Neil Rubens and Dain Kaplan and Masashi Sugiyama},
	title = {Active Learning in Recommender Systems},
	booktitle = {Recommender Systems Handbook},
	publisher = {Springer},
	year = {2011},
	editor = {P.B. Kantor and F. Ricci and L. Rokach and B. Shapira},
	pages = {735-767},
	doi = {10.1007/978-0-387-85820-3_23}
}

@inbook{id:celma2010music,
	title={The Long Tail in Recommender Systems},
	author={Celma, Oscar},
	booktitle={Music Recommendation and Discovery},
	pages={87--107},
	year={2010},
	publisher={Springer-Verlag Berlin Heidelberg}
}

@article{id:MaleszkaMianowskaNguyenmethod,
	title={A method for collaborative recommendation using knowledge integration tools and hierarchical structure of user profiles},
	author={Maleszka, Marcin and Mianowska, Bernadetta and Nguyen, Ngoc Thanh},
	journal={Knowledge-Based Systems},
	volume={47},
	pages={1--13},
	year={2013},
	publisher={Elsevier}
}

@article{id:EvolutionOfRecommenderSystems,
	title={{E}volution of {R}ecommender {S}ystems from {A}ncient {T}imes to {M}odern {E}ra: A {S}urvey},
	author={Sharma, Richa and Singh, Rahul},
	journal={Indian Journal of Science and Technology},
	volume={9},
	number={20},
	year={2016}
}

@article{id:MatrixFactorizationTechniquesForRecommenderSystems,
	title={Matrix factorization techniques for recommender systems},
	author={Yehuda Koren, Robert Bell, Chris Volinsky},
	journal={Computer},
	volume={42},
	number={8},
	pages={30--37},
	year={2009},
	publisher={Institute of Electrical and Electronics Engineers, Inc., 3 Park Avenue, 17 th Fl New York NY 10016-5997 United States}
}

@article{id:NewRecommentationAlgoritmBasedOnSocialNetwork,
	author    = {Jiujun Cheng, Yingbo Liu, Huiting Zhang, Xiao Wu, and Fuzhen Chen},
	title     = {{A} {N}ew {R}ecommendation {A}lgorithm {B}ased on {U}ser’s {D}ynamic {I}nformation in {C}omplex {S}ocial {N}etwork},
	journal   = {Mathematical Problems in Engineering},
	volume   = {2015},
	number   = {ID 281629},
	year      = {2015},
}

@article{id:NextSongRecommendationWithTemporalDynamics,
	author    = {Ke Ji, Runyuan Sun, Wenhao Shu, Xiang Li},
	title     = {{N}ext-song recommendation with temporal dynamics},
	journal   = {Knowledge-Based Systems},
	volume   = {88 (2015) 134–143},
	number   = {0950-7051},
	year      = {2015}
}

@article{id:zhang2015hybrid,
	title={A hybrid recommender system based on user-recommender interaction},
	author={Zhang, Heng-Ru and Min, Fan and He, Xu and Xu, Yuan-Yuan},
	journal={Mathematical Problems in Engineering},
	volume={2015},
	year={2015},
	publisher={Hindawi Publishing Corporation}
}

@mastersthesis{id:FromTapestryToSVD,
	author		= {Joseph Huttner},
	title     	= {{F}rom {T}apestry to {SVD}: {A} survey of the algorithms
	that power recommender system},
	year      	= {2009},
	month	 	= {05},
	school 		= {Haverford College Department of Computer Science},
}

@inproceedings{id:gupta2013wtf,
	title={Wtf: The who to follow service at twitter},
	author={Gupta, Pankaj and Goel, Ashish and Lin, Jimmy and Sharma, Aneesh and Wang, Dong and Zadeh, Reza},
	booktitle={Proceedings of the 22nd international conference on World Wide Web},
	pages={505--514},
	year={2013},
	organization={ACM}
}

@misc{id:NetflixPrizeRankings,
	title = {{N}etflix {P}rize {R}ankings},
	howpublished = {\url{http://www.hackingnetflix.com/2006/10/netflix_prize_r.html}},
	note = {Data dostępu: 2016-06-08}
}

@misc{id:NetflixPrize,
	title = {{N}etflix {P}rize ({I} tried to resist, but...)},
	howpublished = {\url{https://www.snellman.net/blog/archive/2006-10-15-netflix-prize.html}},
	note = {Data dostępu: 2016-06-08}
}

@misc{id:NetflixPrize2,
	title = {{N}etflix {P}rize: {F}orum},
	howpublished = {\url{http://www.netflixprize.com/community/viewtopic.php?id=1537}},
	note = {Data dostępu: 2016-06-08}
}

@misc{id:NetflixPrizeRules,
	title = {{N}etflix {P}rize {R}ules},
	howpublished = {\url{http://www.netflixprize.com//rules}},
	note = {Data dostępu: 2016-06-08}
}




